@InProceedings{01,
	author    = {R.{Cummins} and C.{O'Riordan}},
	title     = {Evolving Co-occurrence Based Query Expansion Schemes in Information Retrieval Using Genetic Programming},
	journal   = {AICS05},
	year      = {2005},
	pages 	  = {137-146}
}

@InProceedings{02,
	author    = {J.{Lafferty} and C.{Zhai}},
	title     = {Document Language Models, Query Models, and Risk Minimization for Information Retrieval},
	journal   = {Association for Computing Machinery},
	year      = {2001},
	pages 	  = {111–119}
}

@InProceedings{03,
	author    = {H.{Zaragoza} and D.{Hiemstra} and M.{Tipping}},
	title     = {Bayesian Extension to the Language Model for Ad Hoc Information Retrieval},
	journal   = {Association for Computing Machinery},
	year      = {2003},
	pages 	  = {4–9}
}

@phdthesis{04,
author = {G.{Alexander}},
year = {2000},
pages = {},
title = {Log-Linear Interpolation of Language Models}
}

@InProceedings{05,
	author    = {S.F.{Chen} and J.{Goodman}},
	title     = {An Empirical Study of Smoothing Techniques for Language Modeling},
	journal   = {Association for Computational Linguistics},
	year      = {1996},
	pages 	  = {310–318}
}

@InProceedings{06,
	author    = {J.M.{Ponte} and W.B.{Croft}},
	title     = {A Language Modeling Approach to Information Retrieval},
	journal   = {Association for Computing Machinery},
	year      = {1998},
	pages 	  = {275–281}
}
